<?xml version="1.0" encoding="UTF-8"?><collection xmlns="http://www.loc.gov/MARC21/slim"><record><leader>00434nam--2200145-i-4500</leader><controlfield tag="001">000008652</controlfield><controlfield tag="002">20161230</controlfield><controlfield tag="005">20161230201027</controlfield><controlfield tag="008">060222s1000------------r-----000-0-eng-d</controlfield><datafield ind1=" " ind2=" " tag="080"><subfield code="a">621.0039.55</subfield></datafield><datafield ind1=" " ind2=" " tag="100"><subfield code="a">Adam, Ernst, /S.A.</subfield></datafield><datafield ind1=" " ind2=" " tag="245"><subfield code="a">Die leistungserhohung des rossendorfer forschungsreaktor wwr-s von 2 auf 10 mw</subfield></datafield><datafield ind1=" " ind2=" " tag="260"><subfield code="a">Rossendorf Bei Dresden, Zentralinstitut Fur Kernforschung, 1968 16 P</subfield></datafield><datafield ind1=" " ind2=" " tag="490"><subfield code="a">158</subfield></datafield><datafield ind1=" " ind2=" " tag="852"><subfield code="a">25832</subfield></datafield></record></collection>